@comment{x-kbibtex-encoding=utf-8}

@book{asociacion_de_academias_de_la_lengua_espanola_asale_real_academia_espanola_rae_nueva_2009,
	author = {{Asociación de Academias de la Lengua Española [ASALE], Real Academia Española [RAE]}},
	publisher = {Espasa-Calpe},
	title = {Nueva gramática de la lengua española},
	year = {2009}
}

@misc{real_academia_espanola_rae_corpus_2023,
	author = {{Real Academia Española [RAE]}},
	title = {Corpus del {Español} del {Siglo} {XXI}},
	url = {https://www.rae.es/corpes},
	year = {2023}
}

@book{zagona_sintaxis_2006,
	author = {Zagona, Karen},
	title = {Sintaxis generativa del español},
	year = {2006}
}

@misc{antonia_marti_ancora_2007,
	author = {{Antònia Martí}, Maria and Taulé, Mariona and Bertran, Manu and Màrquez, Lluís},
	title = {{AnCora}: {Multilingual} and {Multilevel} {Annotated} {Corpora}},
	url = {https://clic.ub.edu/corpus/es/ancora},
	year = {2007}
}

@article{backus_bnf_1959,
	author = {Backus, John and Naur, Peter},
	booktitle = {ICIP Proceedings},
	title = {The syntax and the semantics of the proposed international algebraic language of the Zurich ACM-GAMM Conference},
	year = {1959}
}

@techreport{cervantes_informe_2022,
	author = {{Instituto Cervantes}},
	booktitle = {Anuario del Instituto Cervantes 2022},
	title = {El español: una lengua viva. Informe 2022},
	url = {https://cvc.cervantes.es/lengua/anuario/anuario_22},
	year = {2022}
}

@article{jackendoff_xbar_1977,
	author = {Jackendoff, Ray},
	booktitle = {Linguistic Inquiry Monograph Two},
	publisher = {MIT Press},
	title = {X-Bar syntax: A study of phrase structure},
	year = {1977}
}

